<?xml version="1.0" encoding="UTF-8"?><record xmlns="http://www.loc.gov/MARC21/slim" xmlns:cinclude="http://apache.org/cocoon/include/1.0" xmlns:zs="http://www.loc.gov/zing/srw/">
  <leader>00437nz  a2200133n  4500</leader>
  <controlfield tag="001">no 99015467 </controlfield>
  <controlfield tag="003">DLC</controlfield>
  <controlfield tag="005">19990305052241.6</controlfield>
  <controlfield tag="008">990304n| acannaab|          |n aaa     c</controlfield>
  <datafield tag="010" ind1=" " ind2=" ">
    <subfield code="a">no 99015467 </subfield>
  </datafield>
  <datafield tag="035" ind1=" " ind2=" ">
    <subfield code="a">(OCoLC)oca04934750 </subfield>
  </datafield>
  <datafield tag="040" ind1=" " ind2=" ">
    <subfield code="a">FMU</subfield>
    <subfield code="c">FMU</subfield>
  </datafield>
  <datafield tag="100" ind1="1" ind2="0">
    <subfield code="a">Rolison, William Edward,</subfield>
    <subfield code="d">1941-</subfield>
  </datafield>
  <datafield tag="670" ind1=" " ind2=" ">
    <subfield code="a">British colonial policy and the independence of Guyana, 1974:</subfield>
    <subfield code="b">t.p. (William Edward Rolison) vita (b. Sept. 24, 1941, in Clinton, OK)</subfield>
  </datafield>
</record>